<?xml version="1.0" encoding="UTF-8"?><record xmlns="http://www.loc.gov/MARC21/slim" xmlns:cinclude="http://apache.org/cocoon/include/1.0" xmlns:zs="http://www.loc.gov/zing/srw/">
  <leader>02229cz  a2200409n  4500</leader>
  <controlfield tag="001">n  83124006 </controlfield>
  <controlfield tag="003">DLC</controlfield>
  <controlfield tag="005">20120113074721.0</controlfield>
  <controlfield tag="008">830705n| acannaabn          |b aaa      </controlfield>
  <datafield tag="010" ind1=" " ind2=" ">
    <subfield code="a">n  83124006 </subfield>
  </datafield>
  <datafield tag="035" ind1=" " ind2=" ">
    <subfield code="a">(OCoLC)oca00959049</subfield>
  </datafield>
  <datafield tag="040" ind1=" " ind2=" ">
    <subfield code="a">DLC</subfield>
    <subfield code="b">eng</subfield>
    <subfield code="c">DLC</subfield>
    <subfield code="d">DLC</subfield>
    <subfield code="d">OCoLC</subfield>
    <subfield code="d">DLC</subfield>
    <subfield code="d">OCoLC</subfield>
    <subfield code="d">DLC</subfield>
  </datafield>
  <datafield tag="100" ind1="1" ind2=" ">
    <subfield code="a">Ibn Juzayy, Muḥammad ibn Aḥmad,</subfield>
    <subfield code="d">1294-1340</subfield>
  </datafield>
  <datafield tag="400" ind1="0" ind2=" ">
    <subfield code="a">Muḥammad ibn Aḥmad ibn Juzayy,</subfield>
    <subfield code="d">1294-1340</subfield>
  </datafield>
  <datafield tag="400" ind1="0" ind2=" ">
    <subfield code="a">Muḥammad ibn Aḥmad ibn Ǧuzaiy,</subfield>
    <subfield code="d">1294-1340</subfield>
  </datafield>
  <datafield tag="400" ind1="1" ind2=" ">
    <subfield code="a">Ibn Ǧuzaiy, Muḥammad ibn Aḥmad,</subfield>
    <subfield code="d">1294-1340</subfield>
  </datafield>
  <datafield tag="400" ind1="1" ind2=" ">
    <subfield code="a">Kalbī, Muḥammad ibn Aḥmad ibn Juzayy,</subfield>
    <subfield code="d">1294-1340</subfield>
  </datafield>
  <datafield tag="400" ind1="0" ind2=" ">
    <subfield code="a">Muḥammad ibn Aḥmad ibn Juzayy al-Kalbī,</subfield>
    <subfield code="d">1294-1340</subfield>
  </datafield>
  <datafield tag="400" ind1="1" ind2=" ">
    <subfield code="a">Gharnāṭī, Muḥammad ibn Aḥmad,</subfield>
    <subfield code="d">1294-1340</subfield>
  </datafield>
  <datafield tag="400" ind1="0" ind2=" ">
    <subfield code="a">Muḥammad ibn Aḥmad al-Gharnāṭī,</subfield>
    <subfield code="d">1294-1340</subfield>
  </datafield>
  <datafield tag="400" ind1="1" ind2=" ">
    <subfield code="a">Gharnāṭī, Ibn Juzayy,</subfield>
    <subfield code="d">1294-1340</subfield>
  </datafield>
  <datafield tag="400" ind1="0" ind2=" ">
    <subfield code="a">Ibn Juzayy al-Gharnāṭī,</subfield>
    <subfield code="d">1294-1340</subfield>
  </datafield>
  <datafield tag="400" ind1="1" ind2=" ">
    <subfield code="a">Gharnati, Ibn Djuzay,</subfield>
    <subfield code="d">1294-1340</subfield>
  </datafield>
  <datafield tag="400" ind1="0" ind2=" ">
    <subfield code="a">Ibn Djuzay Al Gharnati,</subfield>
    <subfield code="d">1294-1340</subfield>
  </datafield>
  <datafield tag="400" ind1="1" ind2=" ">
    <subfield code="a">ابن جزي الكلبي</subfield>
  </datafield>
  <datafield tag="400" ind1="1" ind2=" ">
    <subfield code="a">ابن جزي، محمد بن أحمد</subfield>
  </datafield>
  <datafield tag="400" ind1="1" ind2=" ">
    <subfield code="a">ابن جزي، محمد بن أحمد،</subfield>
    <subfield code="d">1294-1340</subfield>
  </datafield>
  <datafield tag="400" ind1="1" ind2=" ">
    <subfield code="a">ابن جزي، محمد بن أحمد،</subfield>
    <subfield code="d">1340-1294</subfield>
  </datafield>
  <datafield tag="400" ind1="1" ind2=" ">
    <subfield code="a">محمد بن أحمد بن جزي</subfield>
  </datafield>
  <datafield tag="667" ind1=" " ind2=" ">
    <subfield code="a">Do not confuse with: n 2012002656: Ibn Juzayy, Muḥammad ibn Muḥammad, 1321-1356</subfield>
  </datafield>
  <datafield tag="667" ind1=" " ind2=" ">
    <subfield code="a">Machine-derived non-Latin script reference project.</subfield>
  </datafield>
  <datafield tag="667" ind1=" " ind2=" ">
    <subfield code="a">Non-Latin script references not evaluated.</subfield>
  </datafield>
  <datafield tag="670" ind1=" " ind2=" ">
    <subfield code="a">His al-Qawānīn al-fiqhīyah, 1977:</subfield>
    <subfield code="b">t.p. (Ibn Juzayy) p. 5 (Abū al-Qāsim Muḥammad ibn Aḥmad ibn Juzayy)</subfield>
  </datafield>
  <datafield tag="670" ind1=" " ind2=" ">
    <subfield code="a">LC manual auth. cd.</subfield>
    <subfield code="b">(hdg.: Ibn Juzayy, Muḥammad ibn Aḥmad, 1294-1340; variant: Muḥammad ibn Aḥmad ibn Ǧuzaiy)</subfield>
  </datafield>
  <datafield tag="670" ind1=" " ind2=" ">
    <subfield code="a">His Tafsīr Ibn Juzayy, 1983:</subfield>
    <subfield code="b">t.p. (Muḥammad ibn Aḥmad ibn Juzayy al-Kalbī)</subfield>
  </datafield>
  <datafield tag="670" ind1=" " ind2=" ">
    <subfield code="a">His al-Qawānīn al-fiqhīyah, 1982:</subfield>
    <subfield code="b">t.p. (Abū al-Qāsim Muḥammad ibn Aḥmad ibn Juzayy al-Kalbī al-Gharnāṭī)</subfield>
  </datafield>
  <datafield tag="670" ind1=" " ind2=" ">
    <subfield code="a">Taṣfiyat al-qulūb fī al-wuṣūl ilá ḥaḍrat ʻAllām al-Ghuyūb, 1998:</subfield>
    <subfield code="b">t.p. (Ibn Juzayy al-Gharnāṭī) added t.p. (Ibn Djuzay Al Gharnati [in rom.])</subfield>
  </datafield>
</record>